@article{santangelo2019firms,
  title={Firms and Farms: The Local Effects of Farm Income on Firmsâ€™ Demand},
  author={Santangelo, Gabriella},
  year={2019},
  publisher={Faculty of Economics}
}

@article{foster2004agricultural,
  title={Agricultural productivity growth, rural economic diversity, and economic reforms: India, 1970--2000},
  author={Foster, Andrew D and Rosenzweig, Mark R},
  journal={Economic Development and Cultural Change},
  volume={52},
  number={3},
  pages={509--542},
  year={2004},
  publisher={The University of Chicago Press}
}
% no causality

@article{hornbeck2015does,
  title={Does agriculture generate local economic spillovers? Short-run and long-run evidence from the Ogallala Aquifer},
  author={Hornbeck, Richard and Keskin, Pinar},
  journal={American Economic Journal: Economic Policy},
  volume={7},
  number={2},
  pages={192--213},
  year={2015}
}
% use post-WWII ground water technologies as productivity shock, matching treated counties with similar counties 

@article{bustos2016agricultural,
  title={Agricultural productivity and structural transformation: Evidence from Brazil},
  author={Bustos, Paula and Caprettini, Bruno and Ponticelli, Jacopo},
  journal={American Economic Review},
  volume={106},
  number={6},
  pages={1320--65},
  year={2016}
}
% labor-saving: genetically engineered soybean seeds in Brazil

@techreport{marden2016agricultural,
  title={The agricultural roots of industrial development: 'forward linkages' in reform era China},
  author={Marden, Samuel and others},
  year={2016}
}
% primarily due to higher agricultural surpluses increasing the supply of capital to local non-state firms
% plausibly exogenous variation in agricultural productivity growth by exploiting the fact that reforms between 1978 and 1984

@article{imbert2015labor,
  title={Labor market effects of social programs: Evidence from india's employment guarantee},
  author={Imbert, Clement and Papp, John},
  journal={American Economic Journal: Applied Economics},
  volume={7},
  number={2},
  pages={233--63},
  year={2015}
}
% this paper calculates the welfare 

@article{berg2012can,
  title={Can rural public works affect agricultural wages? Evidence from India},
  author={Berg, Erlend and Bhattacharyya, Sambit and Durgam, Rajasekhar and Ramachandra, Manjula},
  year={2012},
  publisher={University of Oxford}
}

@techreport{zimmermann2020guarantee,
  title={Why guarantee employment? Evidence from a large Indian public-works program},
  author={Zimmermann, Laura},
  year={2020},
  institution={GLO Discussion Paper}
}
% this one is very interesting: RD design within NREGA, prove the safety net effect

@article{holmes2014alternative,
  title={An alternative theory of the plant size distribution, with geography and intra-and international trade},
  author={Holmes, Thomas J and Stevens, John J},
  journal={Journal of Political Economy},
  volume={122},
  number={2},
  pages={369--421},
  year={2014},
  publisher={University of Chicago Press Chicago, IL}
}

@article{mian2014explains,
  title={What explains the 2007--2009 drop in employment?},
  author={Mian, Atif and Sufi, Amir},
  journal={Econometrica},
  volume={82},
  number={6},
  pages={2197--2223},
  year={2014},
  publisher={Wiley Online Library}
}