@article{chen2016decision,
  title={Decision making under the gamblerâ€™s fallacy: Evidence from asylum judges, loan officers, and baseball umpires},
  author={Chen, Daniel L and Moskowitz, Tobias J and Shue, Kelly},
  journal={The Quarterly Journal of Economics},
  volume={131},
  number={3},
  pages={1181--1242},
  year={2016},
  publisher={MIT Press}
}

@inproceedings{dunn2017early,
  title={Early predictability of asylum court decisions},
  author={Dunn, Matt and Sagun, Levent and {\c{S}}irin, Hale and Chen, Daniel},
  booktitle={Proceedings of the 16th edition of the International Conference on Articial Intelligence and Law},
  pages={233--236},
  year={2017}
}

@inproceedings{chen2017can,
  title={Can machine learning help predict the outcome of asylum adjudications?},
  author={Chen, Daniel L and Eagel, Jess},
  booktitle={Proceedings of the 16th edition of the International Conference on Articial Intelligence and Law},
  pages={237--240},
  year={2017}
}

@article{arnold2018racial,
  title={Racial bias in bail decisions},
  author={Arnold, David and Dobbie, Will and Yang, Crystal S},
  journal={The Quarterly Journal of Economics},
  volume={133},
  number={4},
  pages={1885--1932},
  year={2018},
  publisher={Oxford University Press}
}

@article{bordalo2016stereotypes,
  title={Stereotypes},
  author={Bordalo, Pedro and Coffman, Katherine and Gennaioli, Nicola and Shleifer, Andrei},
  journal={The Quarterly Journal of Economics},
  volume={131},
  number={4},
  pages={1753--1794},
  year={2016},
  publisher={MIT Press}
}