@article{roussille2021central,
  title={The central role of the ask gap in gender pay inequality},
  author={Roussille, Nina},
  journal={University of California, Berkeley},
  year={2021}
}

@article{blau2017gender,
  title={The gender wage gap: Extent, trends, and explanations},
  author={Blau, Francine D and Kahn, Lawrence M},
  journal={Journal of economic literature},
  volume={55},
  number={3},
  pages={789--865},
  year={2017},
  publisher={American Economic Association 2014 Broadway, Suite 305, Nashville, TN 37203-2425}
}

@article{reuben2017preferences,
  title={Preferences and biases in educational choices and labour market expectations: Shrinking the black box of gender},
  author={Reuben, Ernesto and Wiswall, Matthew and Zafar, Basit},
  journal={The Economic Journal},
  volume={127},
  number={604},
  pages={2153--2186},
  year={2017},
  publisher={Oxford University Press Oxford, UK}
}

@article{bergerhoff2019gender,
  title={Gender differences in wage expectations: sorting, children, and negotiation styles},
  author={Bergerhoff, Jan and Kiessling, Lukas and Pinger, Pia and Seegers, Philipp},
  year={2019},
  publisher={CESifo working paper}
}

@article{babcock2003nice,
  title={Nice girls don't ask},
  author={Babcock, Linda and Laschever, Sara and Gelfand, Michele and Small, Deborah},
  journal={Harvard business review},
  volume={81},
  number={10},
  pages={14--14},
  year={2003},
  publisher={Harvard Business School Publication Corp.}
}

@article{leibbrandt2015women,
  title={Do women avoid salary negotiations? Evidence from a large-scale natural field experiment},
  author={Leibbrandt, Andreas and List, John A},
  journal={Management Science},
  volume={61},
  number={9},
  pages={2016--2024},
  year={2015},
  publisher={INFORMS}
}

@article{biasi2022flexible,
  title={Flexible wages, bargaining, and the gender gap},
  author={Biasi, Barbara and Sarsons, Heather},
  journal={The Quarterly Journal of Economics},
  volume={137},
  number={1},
  pages={215--266},
  year={2022},
  publisher={Oxford University Press}
}

@inproceedings{agan2020workers,
  title={Do workers comply with salary history bans? a survey on voluntary disclosure, adverse selection, and unraveling},
  author={Agan, Amanda and Cowgill, Bo and Gee, Laura Katherine},
  booktitle={AEA Papers and Proceedings},
  volume={110},
  pages={215--19},
  year={2020}
}

@article{chernozhukov2018sorted,
  title={The sorted effects method: discovering heterogeneous effects beyond their averages},
  author={Chernozhukov, Victor and Fern{\'a}ndez-Val, Iv{\'a}n and Luo, Ye},
  journal={Econometrica},
  volume={86},
  number={6},
  pages={1911--1938},
  year={2018},
  publisher={Wiley Online Library}
}

@article{olivetti2016evolution,
  title={The evolution of gender gaps in industrialized countries},
  author={Olivetti, Claudia and Petrongolo, Barbara},
  journal={Annual review of Economics},
  volume={8},
  pages={405--434},
  year={2016},
  publisher={Annual Reviews}
}

@article{le2021gender,
  title={Gender differences in job search: Trading off commute against wage},
  author={Le Barbanchon, Thomas and Rathelot, Roland and Roulet, Alexandra},
  journal={The Quarterly Journal of Economics},
  volume={136},
  number={1},
  pages={381--426},
  year={2021},
  publisher={Oxford University Press}
}

@article{bertrand2018coase,
  title={Coase lecture--the glass ceiling},
  author={Bertrand, Marianne},
  journal={Economica},
  volume={85},
  number={338},
  pages={205--231},
  year={2018},
  publisher={Wiley Online Library}
}

@article{goldin2014grand,
  title={A grand gender convergence: Its last chapter},
  author={Goldin, Claudia},
  journal={American Economic Review},
  volume={104},
  number={4},
  pages={1091--1119},
  year={2014},
  publisher={American Economic Association 2014 Broadway, Suite 305, Nashville, TN 37203}
}

@article{garbinti2018income,
  title={Income inequality in France, 1900--2014: evidence from distributional national accounts (DINA)},
  author={Garbinti, Bertrand and Goupille-Lebret, Jonathan and Piketty, Thomas},
  journal={Journal of Public Economics},
  volume={162},
  pages={63--77},
  year={2018},
  publisher={Elsevier}
}

@article{bowles2005constraints,
  title={Constraints and triggers: Situational mechanics of gender in negotiation.},
  author={Bowles, Hannah Riley and Babcock, Linda and McGinn, Kathleen L},
  journal={Journal of personality and social psychology},
  volume={89},
  number={6},
  pages={951},
  year={2005},
  publisher={American Psychological Association}
}

@article{small2007goes,
  title={Who goes to the bargaining table? The influence of gender and framing on the initiation of negotiation.},
  author={Small, Deborah A and Gelfand, Michele and Babcock, Linda and Gettman, Hilary},
  journal={Journal of personality and social psychology},
  volume={93},
  number={4},
  pages={600},
  year={2007},
  publisher={American Psychological Association}
}

@article{kuhn2012gender,
    author = {Kuhn, Peter and Shen, Kailing},
    title = "{ Gender Discrimination in Job Ads: Evidence from China *}",
    journal = {The Quarterly Journal of Economics},
    volume = {128},
    number = {1},
    pages = {287-336},
    year = {2012},
    month = {11},
    doi = {10.1093/qje/qjs046}
}

@article{kuhn2020gender,
  title={Gender-targeted job ads in the recruitment process: Facts from a Chinese job board},
  author={Kuhn, Peter and Shen, Kailing and Zhang, Shuo},
  journal={Journal of Development Economics},
  volume={147},
  pages={102531},
  year={2020},
  publisher={Elsevier}
}

@article{goldin2000orchestrating,
  title={Orchestrating impartiality: The impact of “blind” auditions on female musicians},
  author={Goldin, Claudia and Rouse, Cecilia},
  journal={American economic review},
  volume={90},
  number={4},
  pages={715--741},
  year={2000},
  publisher={American Economic Association}
}

@article{neumark2018experimental,
  title={Experimental research on labor market discrimination},
  author={Neumark, David},
  journal={Journal of Economic Literature},
  volume={56},
  number={3},
  pages={799--866},
  year={2018},
  publisher={American Economic Association 2014 Broadway, Suite 305, Nashville, TN 37203-2425}
}

@article{rich2014field,
  title={What do field experiments of discrimination in markets tell us? A meta analysis of studies conducted since 2000},
  author={Rich, Judith},
  year={2014},
  publisher={IZA Discussion paper}
}

@techreport{jager2022worker,
  title={Worker beliefs about outside options},
  author={J{\"a}ger, Simon and Roth, Christopher and Roussille, Nina and Schoefer, Benjamin},
  year={2022},
  institution={National Bureau of Economic Research}
}

@article{bennedsen2022firms,
  title={Do firms respond to gender pay gap transparency?},
  author={Bennedsen, Morten and Simintzi, Elena and Tsoutsoura, Margarita and Wolfenzon, Daniel},
  journal={The Journal of Finance},
  volume={77},
  number={4},
  pages={2051--2091},
  year={2022},
  publisher={Wiley Online Library}
}

@techreport{baker2019pay,
  title={Pay transparency and the gender gap},
  author={Baker, Michael and Halberstam, Yosh and Kroft, Kory and Mas, Alexandre and Messacar, Derek},
  year={2019},
  institution={National Bureau of Economic Research}
}

@inproceedings{cullen2019equilibrium,
  title={Equilibrium effects of pay transparency in a simple labor market},
  author={Cullen, Zo{\"e} B and Pakzad-Hurson, Bobak},
  booktitle={Proceedings of the 2019 ACM Conference on Economics and Computation},
  pages={193--193},
  year={2019}
}

@techreport{cortes2021gender,
  title={Gender differences in job search and the earnings gap: Evidence from business majors},
  author={Cort{\'e}s, Patricia and Pan, Jessica and Pilossoph, Laura and Zafar, Basit},
  year={2021},
  institution={National Bureau of Economic Research}
}

@article{rigdon2012experimental,
  title={An experimental investigation of gender differences in wage negotiations},
  author={Rigdon, Mary L},
  journal={Available at SSRN 2165253},
  year={2012}
}

@article{exley2020knowing,
  title={Knowing when to ask: The cost of leaning in},
  author={Exley, Christine L and Niederle, Muriel and Vesterlund, Lise},
  journal={Journal of Political Economy},
  volume={128},
  number={3},
  pages={816--854},
  year={2020},
  publisher={The University of Chicago Press Chicago, IL}
}

@article{litman2020persistence,
  title={The persistence of pay inequality: The gender pay gap in an anonymous online labor market},
  author={Litman, Leib and Robinson, Jonathan and Rosen, Zohn and Rosenzweig, Cheskie and Waxman, Joshua and Bates, Lisa M},
  journal={PloS one},
  volume={15},
  number={2},
  pages={e0229383},
  year={2020},
  publisher={Public Library of Science San Francisco, CA USA}
}

@article{gomez2019there,
  title={Is there a gender wage gap in online labor markets? Evidence from over 250,000 projects and 2.5 million wage bill proposals},
  author={Gomez Herrera, Estrella and M{\"u}ller-Langer, Frank},
  journal={Evidence from Over},
  volume={250},
  pages={19--07},
  year={2019}
}

@article{kerr2020tech,
  title={Tech clusters},
  author={Kerr, William R and Robert-Nicoud, Fr{\'e}d{\'e}ric},
  journal={Journal of Economic Perspectives},
  volume={34},
  number={3},
  pages={50--76},
  year={2020}
}

@article{cook2021gender,
  title={The gender earnings gap in the gig economy: Evidence from over a million rideshare drivers},
  author={Cook, Cody and Diamond, Rebecca and Hall, Jonathan V and List, John A and Oyer, Paul},
  journal={The Review of Economic Studies},
  volume={88},
  number={5},
  pages={2210--2238},
  year={2021},
  publisher={Oxford University Press}
}

@article{caldwell2018monopsony,
  title={Monopsony and the gender wage gap: Experimental evidence from the gig economy},
  author={Caldwell, Sydnee and Oehlsen, Emily},
  journal={Massachusetts Institute of Technology Working Paper},
  volume={19},
  year={2018}
}

@article{abraham2017measuring,
  title={Measuring the gig economy: Current knowledge and open issues},
  author={Abraham, Katharine and Haltiwanger, John and Sandusky, Kristin and Spletzer, James},
  journal={Measuring and Accounting for Innovation in the 21st Century},
  year={2017},
  publisher={University of Chicago Press}
}

@article{altonji2005selection,
  title={Selection on observed and unobserved variables: Assessing the effectiveness of Catholic schools},
  author={Altonji, Joseph G and Elder, Todd E and Taber, Christopher R},
  journal={Journal of political economy},
  volume={113},
  number={1},
  pages={151--184},
  year={2005},
  publisher={The University of Chicago Press}
}

@article{belloni2013inference,
    author = {Belloni, Alexandre and Chernozhukov, Victor and Hansen, Christian},
    title = "{Inference on Treatment Effects after Selection among High-Dimensional Controls†}",
    journal = {The Review of Economic Studies},
    volume = {81},
    number = {2},
    pages = {608-650},
    year = {2013},
    month = {11},
    doi = {10.1093/restud/rdt044}
}

@article{le2020gender,
    author = {Le Barbanchon, Thomas and Rathelot, Roland and Roulet, Alexandra},
    title = "{Gender Differences in Job Search: Trading off Commute against Wage*}",
    journal = {The Quarterly Journal of Economics},
    volume = {136},
    number = {1},
    pages = {381-426},
    year = {2020},
    month = {10},
    doi = {10.1093/qje/qjaa033},
    url = {https://doi.org/10.1093/qje/qjaa033},
}

@article{krueger2016contribut,
Author = {Krueger, Alan B. and Mueller, Andreas I.},
Title = {A Contribution to the Empirics of Reservation Wages},
Journal = {American Economic Journal: Economic Policy},
Volume = {8},
Number = {1},
Year = {2016},
Month = {February},
Pages = {142-79},
DOI = {10.1257/pol.20140211},
URL = {https://www.aeaweb.org/articles?id=10.1257/pol.20140211}
}
