@article{ferraz2008exposing,
  title={Exposing corrupt politicians: the effects of Brazil's publicly released audits on electoral outcomes},
  author={Ferraz, Claudio and Finan, Frederico},
  journal={The Quarterly journal of economics},
  volume={123},
  number={2},
  pages={703--745},
  year={2008},
  publisher={MIT Press}
}

@book{przeworski1999democracy,
  title={Democracy, accountability, and representation},
  author={Przeworski, Adam and Stokes, Susan Carol Stokes and Stokes, Susan C and Manin, Bernard},
  volume={2},
  year={1999},
  publisher={Cambridge University Press}
}

@article{majumdar2004politics,
  title={Politics, information and the urban bias},
  author={Majumdar, Sumon and Mani, Anandi and Mukand, Sharun W},
  journal={Journal of Development Economics},
  volume={75},
  number={1},
  pages={137--165},
  year={2004},
  publisher={Elsevier}
}

@book{persson2000political,
  title={Political economics: explaining economic policy},
  author={Persson, Torsten and Tabellini, Guido},
  year={2000},
  publisher={MIT press}
}

@article{alesina2007bureaucrats,
  title={Bureaucrats or politicians? Part I: a single policy task},
  author={Alesina, Alberto and Tabellini, Guido},
  journal={American Economic Review},
  volume={97},
  number={1},
  pages={169--179},
  year={2007}
}

@article{besley2006handcuffs,
  title={Handcuffs for the grabbing hand? Media capture and government accountability},
  author={Besley, Timothy and Prat, Andrea},
  journal={American economic review},
  volume={96},
  number={3},
  pages={720--736},
  year={2006}
}

@article{downs1957economic,
  title={An economic theory of political action in a democracy},
  author={Downs, Anthony},
  journal={Journal of political economy},
  volume={65},
  number={2},
  pages={135--150},
  year={1957},
  publisher={The University of Chicago Press}
}

@article{rabin1998psychology,
  title={Psychology and economics},
  author={Rabin, Matthew},
  journal={Journal of economic literature},
  volume={36},
  number={1},
  pages={11--46},
  year={1998},
  publisher={JSTOR}
}

@article{peters1980effects,
  title={The effects of charges of corruption on voting behavior in congressional elections},
  author={Peters, John G and Welch, Susan},
  journal={American Political Science Review},
  volume={74},
  number={3},
  pages={697--708},
  year={1980},
  publisher={Cambridge University Press}
}

@techreport{changgolden,
  title={Political Corruption, Incumbency and Reelection in the Postwar Italian Chamber of Deputies.},
  author={Chang, Eric CC and Golden, Miriam A},
  institution={Mimeo, December},
  year={2004}
}

@article{golden2005proposal,
  title={Proposal for a new measure of corruption, illustrated with Italian data},
  author={Golden, Miriam A and Picci, Lucio},
  journal={Economics \& Politics},
  volume={17},
  number={1},
  pages={37--75},
  year={2005},
  publisher={Wiley Online Library}
}

@article{besley2005political,
  title={Political selection},
  author={Besley, Timothy},
  journal={Journal of Economic perspectives},
  volume={19},
  number={3},
  pages={43--60},
  year={2005}
}

@article{besleypande2005political,
  title={Political selection and the quality of government: Evidence from South India},
  author={Besley, Timothy J and Pande, Rohini and Rao, Vijayendra},
  year={2005},
  publisher={CEPR Discussion Paper}
}

@article{di2003role,
  title={The role of wages and auditing during a crackdown on corruption in the city of Buenos Aires},
  author={Di Tella, Rafael and Schargrodsky, Ernesto},
  journal={The Journal of Law and Economics},
  volume={46},
  number={1},
  pages={269--292},
  year={2003},
  publisher={The University of Chicago Press}
}

@article{besley2002political,
  title={The political economy of government responsiveness: Theory and evidence from India},
  author={Besley, Timothy and Burgess, Robin},
  journal={The quarterly journal of economics},
  volume={117},
  number={4},
  pages={1415--1451},
  year={2002},
  publisher={MIT Press}
}

@article{yang2008integrity,
  title={Integrity for hire: an analysis of a widespread customs reform},
  author={Yang, Dean},
  journal={The Journal of Law and Economics},
  volume={51},
  number={1},
  pages={25--57},
  year={2008},
  publisher={The University of Chicago Press}
}

@article{reinikka2005fighting,
  title={Fighting corruption to improve schooling: Evidence from a newspaper campaign in Uganda},
  author={Reinikka, Ritva and Svensson, Jakob},
  journal={Journal of the European economic association},
  volume={3},
  number={2-3},
  pages={259--267},
  year={2005},
  publisher={Oxford University Press}
}

@article{brunetti2003free,
  title={A free press is bad news for corruption},
  author={Brunetti, Aymo and Weder, Beatrice},
  journal={Journal of Public economics},
  volume={87},
  number={7-8},
  pages={1801--1824},
  year={2003},
  publisher={Elsevier}
}

@article{stromberg2004radio,
  title={Radio's impact on public spending},
  author={Str{\"o}mberg, David},
  journal={The Quarterly Journal of Economics},
  volume={119},
  number={1},
  pages={189--221},
  year={2004},
  publisher={MIT Press}
}

@incollection{gentzkow2006rise,
  title={The rise of the fourth estate. How newspapers became informative and why it mattered},
  author={Gentzkow, Matthew and Glaeser, Edward L and Goldin, Claudia},
  booktitle={Corruption and reform: Lessons from America's economic history},
  pages={187--230},
  year={2006},
  publisher={University of Chicago Press}
}

@article{olken2007monitoring,
  title={Monitoring corruption: evidence from a field experiment in Indonesia},
  author={Olken, Benjamin A},
  journal={Journal of political Economy},
  volume={115},
  number={2},
  pages={200--249},
  year={2007},
  publisher={The University of Chicago Press}
}

@article{avis2018government,
  title={Do government audits reduce corruption? Estimating the impacts of exposing corrupt politicians},
  author={Avis, Eric and Ferraz, Claudio and Finan, Frederico},
  journal={Journal of Political Economy},
  volume={126},
  number={5},
  pages={1912--1964},
  year={2018},
  publisher={University of Chicago Press Chicago, IL}
}

@article{eckles2020noise,
  title={Noise-induced randomization in regression discontinuity designs},
  author={Eckles, Dean and Ignatiadis, Nikolaos and Wager, Stefan and Wu, Han},
  journal={arXiv preprint arXiv:2004.09458},
  year={2020}
}

@article{imbens2008regression,
  title={Regression discontinuity designs: A guide to practice},
  author={Imbens, Guido W and Lemieux, Thomas},
  journal={Journal of econometrics},
  volume={142},
  number={2},
  pages={615--635},
  year={2008},
  publisher={Elsevier}
}

@article{rubin2008objective,
  title={For objective causal inference, design trumps analysis},
  author={Rubin, Donald B},
  journal={The annals of applied statistics},
  volume={2},
  number={3},
  pages={808--840},
  year={2008},
  publisher={Institute of Mathematical Statistics}
}

@article{lee2008randomized,
  title={Randomized experiments from non-random selection in US House elections},
  author={Lee, David S},
  journal={Journal of Econometrics},
  volume={142},
  number={2},
  pages={675--697},
  year={2008},
  publisher={Elsevier}
}

@article{armstrong2018optimal,
  title={Optimal inference in a class of regression models},
  author={Armstrong, Timothy B and Koles{\'a}r, Michal},
  journal={Econometrica},
  volume={86},
  number={2},
  pages={655--683},
  year={2018},
  publisher={Wiley Online Library}
}

@article{armstrong2020simple,
  title={Simple and honest confidence intervals in nonparametric regression},
  author={Armstrong, Timothy B and Koles{\'a}r, Michal},
  journal={Quantitative Economics},
  volume={11},
  number={1},
  pages={1--39},
  year={2020},
  publisher={Wiley Online Library}
}

@article{calonico2018effect,
  title={On the effect of bias estimation on coverage accuracy in nonparametric inference},
  author={Calonico, Sebastian and Cattaneo, Matias D and Farrell, Max H},
  journal={Journal of the American Statistical Association},
  volume={113},
  number={522},
  pages={767--779},
  year={2018},
  publisher={Taylor \& Francis}
}

@article{calonico2014robust,
  title={Robust nonparametric confidence intervals for regression-discontinuity designs},
  author={Calonico, Sebastian and Cattaneo, Matias D and Titiunik, Rocio},
  journal={Econometrica},
  volume={82},
  number={6},
  pages={2295--2326},
  year={2014},
  publisher={Wiley Online Library}
}

@article{imbens2012optimal,
  title={Optimal bandwidth choice for the regression discontinuity estimator},
  author={Imbens, Guido and Kalyanaraman, Karthik},
  journal={The Review of economic studies},
  volume={79},
  number={3},
  pages={933--959},
  year={2012},
  publisher={Oxford University Press}
}

@article{kolesar2018inference,
  title={Inference in regression discontinuity designs with a discrete running variable},
  author={Koles{\'a}r, Michal and Rothe, Christoph},
  journal={American Economic Review},
  volume={108},
  number={8},
  pages={2277--2304},
  year={2018}
}

@article{hahn2001identification,
  title={Identification and estimation of treatment effects with a regression-discontinuity design},
  author={Hahn, Jinyong and Todd, Petra and Van der Klaauw, Wilbert},
  journal={Econometrica},
  volume={69},
  number={1},
  pages={201--209},
  year={2001},
  publisher={JSTOR}
}

@article{imbens2019optimized,
  title={Optimized regression discontinuity designs},
  author={Imbens, Guido and Wager, Stefan},
  journal={Review of Economics and Statistics},
  volume={101},
  number={2},
  pages={264--278},
  year={2019},
  publisher={MIT Press One Rogers Street, Cambridge, MA 02142-1209, USA journals-info~â€¦}
}

@article{cattaneo2015randomization,
  title={Randomization inference in the regression discontinuity design: An application to party advantages in the US Senate},
  author={Cattaneo, Matias D and Frandsen, Brigham R and Titiunik, Rocio},
  journal={Journal of Causal Inference},
  volume={3},
  number={1},
  pages={1--24},
  year={2015},
  publisher={De Gruyter}
}

@article{li2015evaluating,
  title={Evaluating the causal effect of university grants on student dropout: evidence from a regression discontinuity design using principal stratification},
  author={Li, Fan and Mattei, Alessandra and Mealli, Fabrizia},
  journal={The Annals of Applied Statistics},
  volume={9},
  number={4},
  pages={1906--1931},
  year={2015},
  publisher={Institute of Mathematical Statistics}
}

@article{mattei2017regression,
  title={Regression discontinuity designs as local randomized experiments},
  author={Mattei, Alessandra and Mealli, Fabrizia},
  journal={Observational Studies},
  volume={3},
  number={2},
  pages={156--173},
  year={2017},
  publisher={University of Pennsylvania Press}
}

@article{fraga2016examining,
  title={Examining the causal impact of the voting rights act language minority provisions},
  author={Fraga, Bernard L and Merseth, Julie Lee},
  journal={Journal of Race, Ethnicity, and Politics},
  volume={1},
  number={1},
  pages={31--59},
  year={2016},
  publisher={Cambridge University Press}
}

@article{cappelleri1991random,
  title={Random measurement error does not bias the treatment effect estimate in the regression-discontinuity design: I. The case of no interaction},
  author={Cappelleri, Joseph C and Trochim, William MK and Stanley, TD and Reichardt, Charles S},
  journal={Evaluation Review},
  volume={15},
  number={4},
  pages={395--419},
  year={1991},
  publisher={Sage Publications Sage CA: Thousand Oaks, CA}
}

@article{rokkanen2015exam,
  title={Exam schools, ability, and the effects of affirmative action: Latent factor extrapolation in the regression discontinuity design},
  author={Rokkanen, Miikka AT},
  year={2015}
}

@article{li2021regression,
  title={A regression discontinuity design for ordinal running variables: Evaluating central bank purchases of corporate bonds},
  author={Li, Fan and Mercatanti, Andrea and M{\"a}kinen, Taneli and Silvestrini, Andrea},
  journal={The Annals of Applied Statistics},
  volume={15},
  number={1},
  pages={304--322},
  year={2021},
  publisher={Institute of Mathematical Statistics}
}