@article{lowery2001social,
  title={Social influence effects on automatic racial prejudice.},
  author={Lowery, Brian S and Hardin, Curtis D and Sinclair, Stacey},
  journal={Journal of personality and social psychology},
  volume={81},
  number={5},
  pages={842},
  year={2001},
  publisher={American Psychological Association}
}

@article{bargh1994four,
  title={The four horsemen of automaticity: Intention, awareness, efficiency, and control as separate issues in social cognition},
  author={Bargh, JA},
  journal={Handbook ref-weird cognition,(2nd ed., Vol. 1). Hillsdale, NJ: Erlbaum},
  year={1994}
}

@misc{bargh1999cognitive,
  title={The cognitive monster: The case against the controllability of automatic stereotype effects. Dual-process theories in social psychology},
  author={Bargh, JA},
  year={1999},
  publisher={New York: Guilford Press}
}

@article{devine1999automaticity,
  title={Automaticity and control in stereotyping.},
  author={Devine, Patricia G and Monteith, Margo J},
  year={1999},
  publisher={The Guilford Press}
}

@book{chaiken1999dual,
  title={Dual-process theories in social psychology},
  author={Chaiken, Shelly and Trope, Yaacov},
  year={1999},
  publisher={Guilford Press}
}

@incollection{schwarz1994judgment,
  title={Judgment in a social context: Biases, shortcomings, and the logic of conversation},
  author={Schwarz, Norbert},
  booktitle={Advances in experimental social psychology},
  volume={26},
  pages={123--162},
  year={1994},
  publisher={Elsevier}
}

@article{devine1989stereotypes,
  title={Stereotypes and prejudice: Their automatic and controlled components.},
  author={Devine, Patricia G},
  journal={Journal of personality and social psychology},
  volume={56},
  number={1},
  pages={5},
  year={1989},
  publisher={American Psychological Association}
}

@article{plant1998internal,
  title={Internal and external motivation to respond without prejudice.},
  author={Plant, E Ashby and Devine, Patricia G},
  journal={Journal of personality and social psychology},
  volume={75},
  number={3},
  pages={811},
  year={1998},
  publisher={American Psychological Association}
}

@article{blair2001imagining,
  title={Imagining stereotypes away: the moderation of implicit stereotypes through mental imagery.},
  author={Blair, Irene V and Ma, Jennifer E and Lenton, Alison P},
  journal={Journal of personality and social psychology},
  volume={81},
  number={5},
  pages={828},
  year={2001},
  publisher={American Psychological Association}
}

@article{dasgupta2000automatic,
  title={Automatic preference for White Americans: Eliminating the familiarity explanation},
  author={Dasgupta, Nilanjana and McGhee, Debbie E and Greenwald, Anthony G and Banaji, Mahzarin R},
  journal={Journal of Experimental Social Psychology},
  volume={36},
  number={3},
  pages={316--328},
  year={2000},
  publisher={Elsevier}
}

@article{moskowitz2000preconsciously,
  title={Preconsciously controlling stereotyping: Implicitly activated egalitarian goals prevent the activation of stereotypes},
  author={Moskowitz, Gordon B and Salomon, Amanda R and Taylor, Constance M},
  journal={Social Cognition},
  volume={18},
  number={2},
  pages={151--177},
  year={2000},
  publisher={Guilford Press}
}

@article{kawakami2000just,
  title={Just say no (to stereotyping): effects of training in the negation of stereotypic associations on stereotype activation.},
  author={Kawakami, Kerry and Dovidio, John F and Moll, Jasper and Hermsen, Sander and Russin, Abby},
  journal={Journal of personality and social psychology},
  volume={78},
  number={5},
  pages={871},
  year={2000},
  publisher={American Psychological Association}
}

@article{moskowitz1999preconscious,
  title={Preconscious control of stereotype activation through chronic egalitarian goals.},
  author={Moskowitz, Gordon B and Gollwitzer, Peter M and Wasel, Wolfgang and Schaal, Bernd},
  journal={Journal of personality and social psychology},
  volume={77},
  number={1},
  pages={167},
  year={1999},
  publisher={American Psychological Association}
}

@book{clark1996using,
  title={Using language},
  author={Clark, Herbert H},
  year={1996},
  publisher={Cambridge university press}
}

@article{mccann1983self,
  title={Self-monitoring in communicative interactions: Social cognitive consequences of goal-directed message modification},
  author={McCann, C Douglas and Hancock, Rodney D},
  journal={Journal of Experimental Social Psychology},
  volume={19},
  number={2},
  pages={109--121},
  year={1983},
  publisher={Elsevier}
}

@article{mccann1992personal,
  title={Personal and contextual factors in communication: A review of the'communication game.'},
  author={McCann, C Douglas and Higgins, Tory E},
  year={1992},
  publisher={Sage Publications, Inc}
}

@article{higgins1984social,
  title={Social encoding and subsequent attitudes, impressions, and memory:" Context-driven" and motivational aspects of processing.},
  author={Higgins, E Tory and McCann, C Douglas},
  journal={Journal of Personality and Social Psychology},
  volume={47},
  number={1},
  pages={26},
  year={1984},
  publisher={American Psychological Association}
}

@article{crosby1980recent,
  title={Recent unobtrusive studies of Black and White discrimination and prejudice: A literature review.},
  author={Crosby, Faye and Bromley, Stephanie and Saxe, Leonard},
  journal={Psychological bulletin},
  volume={87},
  number={3},
  pages={546},
  year={1980},
  publisher={American Psychological Association}
}

@article{greenwald1995implicit,
  title={Implicit social cognition: attitudes, self-esteem, and stereotypes.},
  author={Greenwald, Anthony G and Banaji, Mahzarin R},
  journal={Psychological review},
  volume={102},
  number={1},
  pages={4},
  year={1995},
  publisher={American Psychological Association}
}

@article{blanchard1991reducing,
  title={Reducing the expression of racial prejudice},
  author={Blanchard, Fletcher A and Lilly, Teri and Vaughn, Leigh Ann},
  journal={Psychological Science},
  volume={2},
  number={2},
  pages={101--105},
  year={1991},
  publisher={SAGE Publications Sage CA: Los Angeles, CA}
}

@article{sinclair1999reactions,
  title={Reactions to a black professional: motivated inhibition and activation of conflicting stereotypes.},
  author={Sinclair, Lisa and Kunda, Ziva},
  journal={Journal of personality and social psychology},
  volume={77},
  number={5},
  pages={885},
  year={1999},
  publisher={American Psychological Association}
}

@article{fazio1995variability,
  title={Variability in automatic activation as an unobtrusive measure of racial attitudes: A bona fide pipeline?},
  author={Fazio, Russell H and Jackson, Joni R and Dunton, Bridget C and Williams, Carol J},
  journal={Journal of personality and social psychology},
  volume={69},
  number={6},
  pages={1013},
  year={1995},
  publisher={American Psychological Association}
}

@article{greenwald1998measuring,
  title={Measuring individual differences in implicit cognition: the implicit association test.},
  author={Greenwald, Anthony G and McGhee, Debbie E and Schwartz, Jordan LK},
  journal={Journal of personality and social psychology},
  volume={74},
  number={6},
  pages={1464},
  year={1998},
  publisher={American Psychological Association}
}

@article{mcconahay1981has,
  title={Has racism declined in America? It depends on who is asking and what is asked},
  author={McConahay, John B and Hardee, Betty B and Batts, Valerie},
  journal={Journal of conflict resolution},
  volume={25},
  number={4},
  pages={563--579},
  year={1981},
  publisher={Sage Publications Sage CA: Los Angeles, CA}
}

@article{pratto1994social,
  title={Social dominance orientation: A personality variable predicting social and political attitudes.},
  author={Pratto, Felicia and Sidanius, Jim and Stallworth, Lisa M and Malle, Bertram F},
  journal={Journal of personality and social psychology},
  volume={67},
  number={4},
  pages={741},
  year={1994},
  publisher={American Psychological Association}
}

@article{bargh1996automaticity,
  title={Automaticity of social behavior: Direct effects of trait construct and stereotype activation on action.},
  author={Bargh, John A and Chen, Mark and Burrows, Lara},
  journal={Journal of personality and social psychology},
  volume={71},
  number={2},
  pages={230},
  year={1996},
  publisher={American Psychological Association}
}

@article{chen1997nonconscious,
  title={Nonconscious behavioral confirmation processes: The self-fulfilling consequences of automatic stereotype activation},
  author={Chen, Mark and Bargh, John A},
  journal={Journal of Experimental Social Psychology},
  volume={33},
  number={5},
  pages={541--560},
  year={1997},
  publisher={Elsevier}
}

@article{lepore1997category,
  title={Category and stereotype activation: Is prejudice inevitable?},
  author={Lepore, Lorella and Brown, Rupert},
  journal={Journal of personality and social psychology},
  volume={72},
  number={2},
  pages={275},
  year={1997},
  publisher={American Psychological Association}
}

@article{wittenbrink2001spontaneous,
  title={Spontaneous prejudice in context: variability in automatically activated attitudes.},
  author={Wittenbrink, Bernd and Judd, Charles M and Park, Bernadette},
  journal={Journal of personality and social psychology},
  volume={81},
  number={5},
  pages={815},
  year={2001},
  publisher={American Psychological Association}
}