@article{carranza2022job,
  title={Job Search and Hiring with Limited Information about Workseekers' Skills},
  author={Carranza, Eliana and Garlick, Robert and Orkin, Kate and Rankin, Neil},
  journal={American Economic Review},
  volume={112},
  number={11},
  pages={3547--83},
  year={2022}
}

% firms
@article{kahn2014employer,
  title={Employer learning, productivity, and the earnings distribution: Evidence from performance measures},
  author={Kahn, Lisa B and Lange, Fabian},
  journal={The Review of Economic Studies},
  volume={81},
  number={4},
  pages={1575--1613},
  year={2014},
  publisher={Oxford University Press}
}
% theoretical: over tenure

@article{arcidiacono2010beyond,
  title={Beyond signaling and human capital: Education and the revelation of ability},
  author={Arcidiacono, Peter and Bayer, Patrick and Hizmo, Aurel},
  journal={American Economic Journal: Applied Economics},
  volume={2},
  number={4},
  pages={76--104},
  year={2010},
  publisher={American Economic Association}
}
% empirical: education level

@article{heath2018firms,
  title={Why do firms hire using referrals? Evidence from Bangladeshi garment factories},
  author={Heath, Rachel},
  journal={Journal of Political Economy},
  volume={126},
  number={4},
  pages={1691--1746},
  year={2018},
  publisher={University of Chicago Press Chicago, IL}
}

@article{macleod2017big,
  title={The big sort: College reputation and labor market outcomes},
  author={MacLeod, W Bentley and Riehl, Evan and Saavedra, Juan E and Urquiola, Miguel},
  journal={American Economic Journal: Applied Economics},
  volume={9},
  number={3},
  pages={223--261},
  year={2017},
  publisher={American Economic Association 2014 Broadway, Suite 305, Nashville, TN 37203-2425}
}

% workseekers
@article{spinnewijn2015unemployed,
  title={Unemployed but optimistic: Optimal insurance design with biased beliefs},
  author={Spinnewijn, Johannes},
  journal={Journal of the European Economic Association},
  volume={13},
  number={1},
  pages={130--167},
  year={2015},
  publisher={Oxford University Press}
}
% over optimistic

@article{ahn2019improving,
  title={Improving job matching among youth},
  author={Ahn, S and Dizon-Ross, Rebecca and Feigenberg, Benjamin},
  journal={Working Paper},
  year={2019}
}
% information about ranking and competitiveness

@article{banerjee2020spatial,
  title={Spatial mismatches and imperfect information in the job search},
  author={Banerjee, Abhijit V and Sequeira, Sandra},
  year={2020},
  publisher={CEPR Discussion Paper No. DP14414}
}
% misestimation of commuting

@article{belot2019providing,
  title={Providing advice to jobseekers at low cost: An experimental study on online advice},
  author={Belot, Michele and Kircher, Philipp and Muller, Paul},
  journal={The review of economic studies},
  volume={86},
  number={4},
  pages={1411--1447},
  year={2019},
  publisher={Oxford University Press}
}

@article{altmann2018learning,
  title={Learning about job search: A field experiment with job seekers in Germany},
  author={Altmann, Steffen and Falk, Armin and J{\"a}ger, Simon and Zimmermann, Florian},
  journal={Journal of Public Economics},
  volume={164},
  pages={33--49},
  year={2018},
  publisher={Elsevier}
}

% both
@article{alfonsi2020tackling,
  title={Tackling youth unemployment: Evidence from a labor market experiment in Uganda},
  author={Alfonsi, Livia and Bandiera, Oriana and Bassi, Vittorio and Burgess, Robin and Rasul, Imran and Sulaiman, Munshi and Vitali, Anna},
  journal={Econometrica},
  volume={88},
  number={6},
  pages={2369--2414},
  year={2020},
  publisher={Wiley Online Library}
}

@article{abebe2021anonymity,
  title={Anonymity or distance? Job search and labour market exclusion in a growing African city},
  author={Abebe, Girum and Caria, A Stefano and Fafchamps, Marcel and Falco, Paolo and Franklin, Simon and Quinn, Simon},
  journal={The Review of Economic Studies},
  volume={88},
  number={3},
  pages={1279--1310},
  year={2021},
  publisher={Oxford University Press}
}

@article{bassi2022screening,
  title={Screening and signalling non-cognitive skills: experimental evidence from Uganda},
  author={Bassi, Vittorio and Nansamba, Aisha},
  journal={The Economic Journal},
  volume={132},
  number={642},
  pages={471--511},
  year={2022},
  publisher={Oxford University Press}
}

@article{abel2020value,
  title={The value of reference letters: Experimental evidence from South Africa},
  author={Abel, Martin and Burger, Rulof and Piraino, Patrizio},
  journal={American Economic Journal: Applied Economics},
  volume={12},
  number={3},
  pages={40--71},
  year={2020},
  publisher={American Economic Association 2014 Broadway, Suite 305, Nashville, TN 37203-2425}
}

@article{pallais2014inefficient,
  title={Inefficient hiring in entry-level labor markets},
  author={Pallais, Amanda},
  journal={American Economic Review},
  volume={104},
  number={11},
  pages={3565--3599},
  year={2014},
  publisher={American Economic Association 2014 Broadway, Suite 305, Nashville, TN 37203}
}

@incollection{mccall2016government,
  title={Government-sponsored vocational education for adults},
  author={McCall, Brian and Smith, Jeffrey and Wunsch, Conny},
  booktitle={Handbook of the Economics of Education},
  volume={5},
  pages={479--652},
  year={2016},
  publisher={Elsevier}
}

@article{hoffman2018discretion,
  title={Discretion in hiring},
  author={Hoffman, Mitchell and Kahn, Lisa B and Li, Danielle},
  journal={The Quarterly Journal of Economics},
  volume={133},
  number={2},
  pages={765--800},
  year={2018},
  publisher={Oxford University Press}
}

@article{alonso2018recruiting,
  title={Recruiting and selecting for fit},
  author={Alonso, Ricardo},
  journal={Available at SSRN 3124315},
  year={2018}
}
% match-specific productivity

@inproceedings{donovan2018labor,
  title={Labor market flows and development},
  author={Donovan, Kevin and Lu, Jianyu and Schoellman, Todd and others},
  booktitle={2018 Meeting Papers, Society for Economic Dynamics},
  volume={976},
  year={2018}
}

@article{gonzalez2010equilibrium,
  title={An equilibrium theory of learning, search, and wages},
  author={Gonzalez, Francisco M and Shi, Shouyong},
  journal={Econometrica},
  volume={78},
  number={2},
  pages={509--537},
  year={2010},
  publisher={Wiley Online Library}
}

@article{beaman2012gets,
  title={Who gets the job referral? Evidence from a social networks experiment},
  author={Beaman, Lori and Magruder, Jeremy},
  journal={American Economic Review},
  volume={102},
  number={7},
  pages={3574--3593},
  year={2012},
  publisher={American Economic Association}
}

@article{beaman2018job,
  title={Do job networks disadvantage women? Evidence from a recruitment experiment in Malawi},
  author={Beaman, Lori and Keleher, Niall and Magruder, Jeremy},
  journal={Journal of Labor Economics},
  volume={36},
  number={1},
  pages={121--157},
  year={2018},
  publisher={University of Chicago Press Chicago, IL}
}

@techreport{chandrasekhar2020network,
  title={Network-Based Hiring: Local Benefits; Global Costs},
  author={Chandrasekhar, Arun G and Morten, Melanie and Peter, Alessandra},
  year={2020},
  institution={National Bureau of Economic Research}
}

@techreport{conlon2018labor,
  title={Labor market search with imperfect information and learning},
  author={Conlon, John J and Pilossoph, Laura and Wiswall, Matthew and Zafar, Basit},
  year={2018},
  institution={National Bureau of Economic Research}
}