@article{candes2018panning,
  title={Panning for gold: `model-x' knockoffs for high dimensional controlled variable selection},
  author={Cand{\`e}s, Emmanuel J and Fan, Jianqing and Janson, Lucas and Lv, Jinchi},
  journal={Journal of the Royal Statistical Society: Series B (Statistical Methodology)},
  volume={80},
  number={3},
  pages={551-577},
  year={2018},
  publisher={Wiley Online Library}
}

@article{candes2018panning_supp,
  title={Supplementary Material for Panning for Gold: `Model-X' Knockoffs for High Dimensional Controlled Variable Selection},
  author={Cand{\`e}s, Emmanuel J and Fan, Jianqing and Janson, Lucas and Lv, Jinchi},
  journal={Journal of the Royal Statistical Society: Series B (Statistical Methodology)},
  volume={80},
  number={3},
  pages={551-577},
  year={2018},
  publisher={Wiley Online Library},
  note={Supplementary Material}
}

@article{Athey2016,
  author = {Athey, Susan and Imbens, Guido W. and Wager, Stefan},
  title = {Efficient Inference of Average Treatment Effects in High Dimensions via Approximate Residual Balancing},
  journal = {arXiv preprint arXiv:1604.07125},
  year = {2016}
}

@article{Barber2015,
  author = {Barber, Rina Foygel and Candes, Emmanuel J.},
  title = {Controlling the False Discovery Rate via Knockoffs},
  journal = {Annals of Statistics},
  volume = {43},
  number = {5},
  pages = {2055-2085},
  year = {2015},
}

@article{Barros2013,
  author = {Barros, M. H. M. and Hauck, F. and Dreyer, J. H. and Kempkes, B. and Niedobitek, G.},
  title = {Macrophage polarisation: An immunohistochemical approach for identifying M1 and M2 macrophages},
  journal = {PLoS One},
  volume = {8},
  number = {11},
  pages = {e80908},
  year = {2013}
}

@article{Benjamini2010,
  author = {Benjamini, Yoav},
  title = {Discovering the false discovery rate},
  journal = {Journal of the Royal Statistical Society: Series B (Statistical Methodology)},
  volume = {72},
  number = {4},
  pages = {405-416},
  year = {2010}
}

@article{Benjamini2009,
  author = {Benjamini, Yoav and Gavrilov, Yakov},
  title = {A Simple Forward Selection Procedure Based on False Discovery Rate Control},
  journal = {The Annals of Applied Statistics},
  volume = {3},
  number = {1},
  pages = {179-198},
  year = {2009}
}

@article{Benjamini1995,
  author = {Benjamini, Yoav and Hochberg, Yosef},
  title = {Controlling the False Discovery Rate: A Practical and Powerful Approach to Multiple Testing},
  journal = {Journal of the Royal Statistical Society: Series B (Methodological)},
  volume = {57},
  number = {1},
  pages = {289-300},
  year = {1995}
}

@article{Benjamini2001,
  author = {Benjamini, Yoav and Yekutieli, Daniel},
  title = {The Control of the False Discovery Rate in Multiple Testing Under Dependency},
  journal = {The Annals of Statistics},
  volume = {29},
  number = {4},
  pages = {1165-1188},
  year = {2001}
}

@article{Berk2013,
  author = {Berk, Richard and Brown, Lawrence and Buja, Andreas and Zhang, Kexin and Zhao, Linda},
  title = {Valid Post-Selection Inference},
  journal = {Annals of Statistics},
  volume = {41},
  number = {2},
  pages = {802-837},
  year = {2013}
}

@article{bogdan2015slope,
  title={SLOPE--adaptive variable selection via convex optimization},
  author={Bogdan, Malgorzata and van den Berg, Ewout and Sabatti, Chiara and Su, Weijie and Cand{\`e}s, Emmanuel J},
  journal={Ann. Appl. Statist.},
  volume={9},
  number={3},
  pages={1103-1140},
  year={2015},
  publisher={Institute of Mathematical Statistics}
}

@article{candes2009near,
  title={Near-ideal model selection by l 1 minimization},
  author={Cand{\`e}s, Emmanuel J and Plan, Yaniv},
  journal={Ann. Statist.},
  volume={37},
  number={5B},
  pages={2145-2177},
  year={2009},
  publisher={Institute of Mathematical Statistics}
}

@article{cong2013multiplex,
  title={Multiplex genome engineering using crispr/cas systems},
  author={Cong, Le and Ran, F Ann and Cox, David and Lin, Shuailiang and Barretto, Rachel and Habib, Naomi and Hsu, Patrick D and Wu, Xiaohui and Jiang, Wenyan and Marraffini, Luciano A and Zhang, Feng},
  journal={Science},
  volume={339},
  number={6121},
  pages={819-823},
  year={2013},
  publisher={American Association for the Advancement of Science}
}

@article{dai2016knockoff,
  title={The knockoff filter for fdr control in group-sparse and multitask regression},
  author={Dai, Ran and Barber, Rina Foygel},
  year={2016},
  journal={Preprint arXiv:1602.03589},
  affiliation={University of Chicago, Chicago}
}

@article{dezeure2015high,
  title={High-dimensional inference: confidence intervals, p-values and R-software HDI},
  author={Dezeure, Ruben and B{\"u}hlmann, Peter and Meier, Lukas and Meinshausen, Nicolai},
  journal={Statist. Sci.},
  volume={30},
  number={4},
  pages={533-558},
  year={2015},
  publisher={Institute of Mathematical Statistics}
}

@book{edwards2000introduction,
  title={Introduction to graphical modelling},
  author={Edwards, David},
  year={2000},
  publisher={Springer},
  address={New York}
}

@article{franke2010genome,
  title={Genome-wide meta-analysis increases to 71 the number of confirmed Crohn's disease susceptibility loci},
  author={Franke, Andre and McGovern, Dermot P and Barrett, Jeffrey C and Wang, Kai and Radford-Smith, Graham L and Ahmad, Tariq and Lees, Charlie W and Balschun, Tobias and Lee, James and Roberts, Rebecca and others},
  journal={Nat. Genet.},
  volume={42},
  number={12},
  pages={1118-1125},
  year={2010},
  publisher={Nature Publishing Group}
}

@article{van2014asymptotically,
  title={On asymptotically optimal confidence regions and tests for high-dimensional models},
  author={van de Geer, Sara and B{\"u}hlmann, Peter and Ritov, Ya'acov and Dezeure, Ruben},
  journal={The Annals of Statistics},
  volume={42},
  number={4},
  pages={1166-1202},
  year={2014},
  publisher={JSTOR}
}

@article{george1997approaches,
  title={Approaches for bayesian variable selection},
  author={George, Edward I and McCulloch, Robert E},
  journal={Statistica Sinica},
  pages={339-373},
  year={1997}
}

@article{goodman2016klf6,
  title={KLF6 contributes to myeloid cell plasticity in the pathogenesis of intestinal inflammation},
  author={Goodman, William A and Omenetti, Stefania and Date, Devina and Di Martino, Livia and De Salvo, Carlo and Kim, Gene-David and Chowdhry, Shahida and Bamias, Giorgos and Cominelli, Fabio and Pizarro, Theresa and others},
  journal={Mucosal immunology},
  volume={9},
  number={5},
  pages={1250-1262},
  year={2016},
  publisher={Nature Publishing Group}
}

@article{guan2011bayesian,
  title={Bayesian variable selection regression for genome-wide association studies and other large-scale problems},
  author={Guan, Yongtao and Stephens, Matthew},
  journal={The Annals of Applied Statistics},
  volume={5},
  number={3},
  pages={1780-1815},
  year={2011},
  publisher={Institute of Mathematical Statistics}
}

@article{haldane1931inbreeding,
  title={Inbreeding and linkage},
  author={Haldane, JBS and Waddington, CH},
  journal={Genetics},
  volume={16},
  number={4},
  pages={357-374},
  year={1931},
  publisher={Genetics Society of America}
}

@article{he2011variable,
  title={A variable selection method for genome-wide association studies},
  author={He, Qing and Lin, Dongdong},
  journal={Bioinformatics},
  volume={27},
  number={1},
  pages={1-8},
  year={2011},
  publisher={Oxford University Press}
}

@article{janson2016familywise,
  title={Familywise error rate control via knockoffs},
  author={Janson, Lucas and Su, Weijie},
  journal={Electronic Journal of Statistics},
  volume={10},
  number={2},
  pages={960-975},
  year={2016},
  publisher={The Institute of Mathematical Statistics and the Bernoulli Society}
}

@article{lee2016exact,
  title={Exact post-selection inference, with application to the lasso},
  author={Lee, Jason D and Sun, Dongchu and Sun, Yichao and Taylor, Jonathan E},
  journal={The Annals of Statistics},
  volume={44},
  number={2},
  pages={907-927},
  year={2016},
  publisher={Institute of Mathematical Statistics}
}

@article{li2011bayesian,
  title={The Bayesian Lasso for genome-wide association studies},
  author={Li, Jingyuan and Das, Kanto and Fu, Guoqiang and Li, Runze and Wu, Runze},
  journal={Bioinformatics},
  volume={27},
  pages={516-523},
  year={2011},
}

@article{li2016topological,
  title={Topological false discovery rates for brain mapping based on signal height},
  author={Li, Jingwen and Gahm, John K and Shi, Yonggang and Toga, Arthur W},
  journal={NeuroImage},
  year={2016},
  publisher={Elsevier},
  note={to be published},
}

@article{lockhart2014significance,
  title={A significance test for the Lasso},
  author={Lockhart, Richard and Taylor, Jonathan and Tibshirani, Ryan J and Tibshirani, Robert},
  journal={The Annals of Statistics},
  volume={42},
  number={2},
  pages={413-468},
  year={2014},
}

@manual{matlab2015,
  title={MATLAB 2015b},
  author={MathWorks},
  year={2015},
  address={Natick},
}

@book{pearl1988probabilistic,
  title={Probabilistic inference in intelligent systems},
  author={Pearl, Judea},
  year={1988},
  publisher={Morgan Kaufmann},
  address={San Mateo},
}

@article{peters2016comprehensive,
  title={A comprehensive, CRISPR-based functional analysis of essential genes in bacteria},
  author={Peters, Jason M and Colavin, Alexandre and Shi, Handuo and Czarny, Tomasz L and Larson, Matthew H and Wong, Sze and Hawkins, John S and Lu, Chun-Hsien S and Koo, Byoung-Mo and Marta, Edmundo and others},
  journal={Cell},
  volume={165},
  number={6},
  pages={1493-1506},
  year={2016},
}

@book{saltelli2008global,
  title={Global sensitivity analysis: the primer},
  author={Saltelli, Andrea and Ratto, Marco and Andres, Toni and Campolongo, Francesca and Cariboni, Jessica and Gatelli, Daniele and Saisana, Michaela and Tarantola, Stefano},
  year={2008},
  publisher={John Wiley \& Sons},
  address={New York},
}

@article{strobl2008danger,
  title={Danger: high power!?--exploring the statistical properties of a test for random forest variable importance},
  author={Strobl, Carolin and Zeileis, Achim},
  journal={In COMPSTAT 2008--Proceedings in Computational Statistics, vol. II},
  pages={59--66},
  year={2008},
  publisher={Physica}
}

@article{tang2006reconstructing,
  title={Reconstructing genetic ancestry blocks in admixed individuals},
  author={Tang, Hua and Coram, Marc and Wang, Peng and Zhu, Xiaofeng and Risch, Neil},
  journal={American Journal of Human Genetics},
  volume={79},
  number={1},
  pages={1--12},
  year={2006},
  publisher={Elsevier}
}

@article{wager2016estimation,
  title={Estimation and inference of heterogeneous treatment effects using random forests},
  author={Wager, Stefan and Athey, Susan},
  journal={Preprint arXiv:1510.04342},
  year={2016},
  institution={Stanford University, Stanford}
}

@article{wellcometrustcasecontrolconsortium2007genome,
  title={Genome-wide association study of 14,000 cases of seven common diseases and 3,000 shared controls},
  author={Wellcome Trust Case Control Consortium},
  journal={Nature},
  volume={447},
  number={7145},
  pages={661--678},
  year={2007},
  publisher={Nature Publishing Group}
}

@article{wen2010using,
  title={Using linear predictors to impute allele frequencies from summary or pooled genotype data},
  author={Wen, Xiaoquan and Stephens, Matthew},
  journal={The Annals of Applied Statistics},
  volume={4},
  number={3},
  pages={1158--1182},
  year={2010},
  publisher={Institute of Mathematical Statistics}
}

@article{westfall2008multiple,
  title={Multiple testing with minimal assumptions},
  author={Westfall, Peter H and Troendle, James F},
  journal={Biometrical Journal},
  volume={50},
  number={5},
  pages={745--755},
  year={2008},
  publisher={Wiley Online Library}
}

@article{wu2009genome,
  title={Genome-wide association analysis by lasso penalized logistic regression},
  author={Wu, Tong Tong and Chen, Yun Fan and Hastie, Trevor and Sobel, Eric and Lange, Kenneth},
  journal={Bioinformatics},
  volume={25},
  number={6},
  pages={714--721},
  year={2009},
  publisher={Oxford University Press}
}

@article{zhao2006model,
  title={On model selection consistency of lasso},
  author={Zhao, Ping and Yu, Bin},
  journal={Journal of Machine Learning Research},
  volume={7},
  pages={2541--2563},
  year={2006},
  publisher={JMLR.org}
}
