@article{sharp2022spatial,
  title={Spatial attention tunes temporal processing in early visual cortex by speeding and slowing alpha oscillations},
  author={Sharp, Poppy and Gutteling, Tjerk and Melcher, David and Hickey, Clayton},
  journal={Journal of Neuroscience},
  volume={42},
  number={41},
  pages={7824--7832},
  year={2022},
  publisher={Soc Neuroscience}
}

@article{desimone1995neural,
  title={Neural mechanisms of selective visual attention},
  author={Desimone, Robert and Duncan, John and others},
  journal={Annual review of neuroscience},
  volume={18},
  number={1},
  pages={193--222},
  year={1995}
}

@article{moore2017neural,
  title={Neural mechanisms of selective visual attention},
  author={Moore, Tirin and Zirnsak, Marc and others},
  journal={Annual review of psychology},
  volume={68},
  number={1},
  pages={47--72},
  year={2017},
  publisher={Annual Reviews}
}

@article{nobre2018anticipated,
  title={Anticipated moments: temporal structure in attention},
  author={Nobre, Anna C and Van Ede, Freek},
  journal={Nature Reviews Neuroscience},
  volume={19},
  number={1},
  pages={34--48},
  year={2018},
  publisher={Nature Publishing Group}
}

@article{hein2006visual,
  title={Visual attention and temporal discrimination: Differential effects of automatic and voluntary cueing},
  author={Hein, Elisabeth and Rolke, Bettina and Ulrich, Rolf},
  journal={Visual Cognition},
  volume={13},
  number={1},
  pages={29--50},
  year={2006},
  publisher={Taylor \& Francis}
}

@article{sharp2018endogenous,
  title={Endogenous attention modulates the temporal window of integration},
  author={Sharp, Poppy and Melcher, David and Hickey, Clayton},
  journal={Attention, Perception, \& Psychophysics},
  volume={80},
  number={5},
  pages={1214--1228},
  year={2018},
  publisher={Springer}
}

@article{akyurek2007adaptive,
  title={Adaptive control of event integration: Evidence from event-related potentials},
  author={Aky{\"u}rek, Elkan G and Riddell, Patricia M and Toffanin, Paolo and Hommel, Bernhard},
  journal={Psychophysiology},
  volume={44},
  number={3},
  pages={383--391},
  year={2007},
  publisher={Wiley Online Library}
}

@article{hochmitz2021effects,
  title={The effects of spatial attention on temporal integration measured with the ternus display.},
  author={Hochmitz, Ilanit and Hein, Elisabeth and Yeshurun, Yaffa},
  journal={Journal of Experimental Psychology: Human Perception and Performance},
  year={2021},
  publisher={American Psychological Association}
}

@article{sharp2019different,
  title={Different effects of spatial and temporal attention on the integration and segregation of stimuli in time},
  author={Sharp, Poppy and Melcher, David and Hickey, Clayton},
  journal={Attention, Perception, \& Psychophysics},
  volume={81},
  number={2},
  pages={433--441},
  year={2019},
  publisher={Springer}
}

@article{samaha2015speed,
  title={The speed of alpha-band oscillations predicts the temporal resolution of visual perception},
  author={Samaha, Jason and Postle, Bradley R},
  journal={Current Biology},
  volume={25},
  number={22},
  pages={2985--2990},
  year={2015},
  publisher={Elsevier}
}

@article{buergers2022role,
  title={The role of alpha oscillations in temporal binding within and across the senses},
  author={Buergers, Steffen and Noppeney, Uta},
  journal={Nature Human Behaviour},
  volume={6},
  number={5},
  pages={732--742},
  year={2022},
  publisher={Nature Publishing Group}
}

@article{ronconi2018alpha,
  title={Alpha-band sensory entrainment alters the duration of temporal windows in visual perception},
  author={Ronconi, Luca and Busch, Niko A and Melcher, David},
  journal={Scientific reports},
  volume={8},
  number={1},
  pages={1--10},
  year={2018},
  publisher={Nature Publishing Group}
}

@article{wutz2018frequency,
  title={Frequency modulation of neural oscillations according to visual task demands},
  author={Wutz, Andreas and Melcher, David and Samaha, Jason},
  journal={Proceedings of the National Academy of Sciences},
  volume={115},
  number={6},
  pages={1346--1351},
  year={2018},
  publisher={National Acad Sciences}
}

@article{capilla2014dissociated,
  title={Dissociated alpha-band modulations in the dorsal and ventral visual pathways in visuospatial attention and perception},
  author={Capilla, Almudena and Schoffelen, Jan-Mathijs and Paterson, Gavin and Thut, Gregor and Gross, Joachim},
  journal={Cerebral Cortex},
  volume={24},
  number={2},
  pages={550--561},
  year={2014},
  publisher={Oxford University Press}
}

@article{cecere2015individual,
  title={Individual differences in alpha frequency drive crossmodal illusory perception},
  author={Cecere, Roberto and Rees, Geraint and Romei, Vincenzo},
  journal={Current Biology},
  volume={25},
  number={2},
  pages={231--235},
  year={2015},
  publisher={Elsevier}
}

@article{minami2017illusory,
  title={Illusory jitter perceived at the frequency of alpha oscillations},
  author={Minami, Sorato and Amano, Kaoru},
  journal={Current Biology},
  volume={27},
  number={15},
  pages={2344--2351},
  year={2017},
  publisher={Elsevier}
}

@article{mioni2020modulation,
  title={Modulation of individual alpha frequency with tacs shifts time perception},
  author={Mioni, Giovanna and Shelp, Adam and Stanfield-Wiswell, Candice T and Gladhill, Keri A and Bader, Farah and Wiener, Martin},
  journal={Cerebral Cortex Communications},
  volume={1},
  number={1},
  pages={tgaa064},
  year={2020},
  publisher={Oxford University Press}
}

@article{di2022tuning,
  title={Tuning alpha rhythms to shape conscious visual perception},
  author={Di Gregorio, Francesco and Trajkovic, Jelena and Roperti, Cristina and Marcantoni, Eleonora and Di Luzio, Paolo and Avenanti, Alessio and Thut, Gregor and Romei, Vincenzo},
  journal={Current Biology},
  volume={32},
  number={5},
  pages={988--998},
  year={2022},
  publisher={Elsevier}
}