@article{ferraz2008exposing,
  title={Exposing corrupt politicians: the effects of Brazil's publicly released audits on electoral outcomes},
  author={Ferraz, Claudio and Finan, Frederico},
  journal={The Quarterly journal of economics},
  volume={123},
  number={2},
  pages={703--745},
  year={2008},
  publisher={MIT Press}
}

@book{przeworski1999democracy,
  title={Democracy, accountability, and representation},
  author={Przeworski, Adam and Stokes, Susan Carol Stokes and Stokes, Susan C and Manin, Bernard},
  volume={2},
  year={1999},
  publisher={Cambridge University Press}
}

@article{majumdar2004politics,
  title={Politics, information and the urban bias},
  author={Majumdar, Sumon and Mani, Anandi and Mukand, Sharun W},
  journal={Journal of Development Economics},
  volume={75},
  number={1},
  pages={137--165},
  year={2004},
  publisher={Elsevier}
}

@book{persson2000political,
  title={Political economics: explaining economic policy},
  author={Persson, Torsten and Tabellini, Guido},
  year={2000},
  publisher={MIT press}
}

@article{alesina2007bureaucrats,
  title={Bureaucrats or politicians? Part I: a single policy task},
  author={Alesina, Alberto and Tabellini, Guido},
  journal={American Economic Review},
  volume={97},
  number={1},
  pages={169--179},
  year={2007}
}

@article{besley2006handcuffs,
  title={Handcuffs for the grabbing hand? Media capture and government accountability},
  author={Besley, Timothy and Prat, Andrea},
  journal={American economic review},
  volume={96},
  number={3},
  pages={720--736},
  year={2006}
}

@article{downs1957economic,
  title={An economic theory of political action in a democracy},
  author={Downs, Anthony},
  journal={Journal of political economy},
  volume={65},
  number={2},
  pages={135--150},
  year={1957},
  publisher={The University of Chicago Press}
}

@article{rabin1998psychology,
  title={Psychology and economics},
  author={Rabin, Matthew},
  journal={Journal of economic literature},
  volume={36},
  number={1},
  pages={11--46},
  year={1998},
  publisher={JSTOR}
}

@article{peters1980effects,
  title={The effects of charges of corruption on voting behavior in congressional elections},
  author={Peters, John G and Welch, Susan},
  journal={American Political Science Review},
  volume={74},
  number={3},
  pages={697--708},
  year={1980},
  publisher={Cambridge University Press}
}

@techreport{changgolden,
  title={Political Corruption, Incumbency and Reelection in the Postwar Italian Chamber of Deputies.},
  author={Chang, Eric CC and Golden, Miriam A},
  institution={Mimeo, December},
  year={2004}
}

@article{golden2005proposal,
  title={Proposal for a new measure of corruption, illustrated with Italian data},
  author={Golden, Miriam A and Picci, Lucio},
  journal={Economics \& Politics},
  volume={17},
  number={1},
  pages={37--75},
  year={2005},
  publisher={Wiley Online Library}
}

@article{besley2005political,
  title={Political selection},
  author={Besley, Timothy},
  journal={Journal of Economic perspectives},
  volume={19},
  number={3},
  pages={43--60},
  year={2005}
}

@article{besleypande2005political,
  title={Political selection and the quality of government: Evidence from South India},
  author={Besley, Timothy J and Pande, Rohini and Rao, Vijayendra},
  year={2005},
  publisher={CEPR Discussion Paper}
}

@article{di2003role,
  title={The role of wages and auditing during a crackdown on corruption in the city of Buenos Aires},
  author={Di Tella, Rafael and Schargrodsky, Ernesto},
  journal={The Journal of Law and Economics},
  volume={46},
  number={1},
  pages={269--292},
  year={2003},
  publisher={The University of Chicago Press}
}

@article{besley2002political,
  title={The political economy of government responsiveness: Theory and evidence from India},
  author={Besley, Timothy and Burgess, Robin},
  journal={The quarterly journal of economics},
  volume={117},
  number={4},
  pages={1415--1451},
  year={2002},
  publisher={MIT Press}
}

@article{yang2008integrity,
  title={Integrity for hire: an analysis of a widespread customs reform},
  author={Yang, Dean},
  journal={The Journal of Law and Economics},
  volume={51},
  number={1},
  pages={25--57},
  year={2008},
  publisher={The University of Chicago Press}
}

@article{reinikka2005fighting,
  title={Fighting corruption to improve schooling: Evidence from a newspaper campaign in Uganda},
  author={Reinikka, Ritva and Svensson, Jakob},
  journal={Journal of the European economic association},
  volume={3},
  number={2-3},
  pages={259--267},
  year={2005},
  publisher={Oxford University Press}
}

@article{brunetti2003free,
  title={A free press is bad news for corruption},
  author={Brunetti, Aymo and Weder, Beatrice},
  journal={Journal of Public economics},
  volume={87},
  number={7-8},
  pages={1801--1824},
  year={2003},
  publisher={Elsevier}
}

@article{stromberg2004radio,
  title={Radio's impact on public spending},
  author={Str{\"o}mberg, David},
  journal={The Quarterly Journal of Economics},
  volume={119},
  number={1},
  pages={189--221},
  year={2004},
  publisher={MIT Press}
}

@incollection{gentzkow2006rise,
  title={The rise of the fourth estate. How newspapers became informative and why it mattered},
  author={Gentzkow, Matthew and Glaeser, Edward L and Goldin, Claudia},
  booktitle={Corruption and reform: Lessons from America's economic history},
  pages={187--230},
  year={2006},
  publisher={University of Chicago Press}
}

@article{olken2007monitoring,
  title={Monitoring corruption: evidence from a field experiment in Indonesia},
  author={Olken, Benjamin A},
  journal={Journal of political Economy},
  volume={115},
  number={2},
  pages={200--249},
  year={2007},
  publisher={The University of Chicago Press}
}

@article{avis2018government,
  title={Do government audits reduce corruption? Estimating the impacts of exposing corrupt politicians},
  author={Avis, Eric and Ferraz, Claudio and Finan, Frederico},
  journal={Journal of Political Economy},
  volume={126},
  number={5},
  pages={1912--1964},
  year={2018},
  publisher={University of Chicago Press Chicago, IL}
}

@article{eckles2020noise,
  title={Noise-induced randomization in regression discontinuity designs},
  author={Eckles, Dean and Ignatiadis, Nikolaos and Wager, Stefan and Wu, Han},
  journal={arXiv preprint arXiv:2004.09458},
  year={2020}
}

@article{sharp2022spatial,
  title={Spatial attention tunes temporal processing in early visual cortex by speeding and slowing alpha oscillations},
  author={Sharp, Poppy and Gutteling, Tjerk and Melcher, David and Hickey, Clayton},
  journal={Journal of Neuroscience},
  volume={42},
  number={41},
  pages={7824--7832},
  year={2022},
  publisher={Soc Neuroscience}
}